@misc{JetBrains_2019, 
    title={The state of developer ecosystem in 2019 infographic}, 
    url={https://www.jetbrains.com/lp/devecosystem-2019/}, 
    journal={JetBrains}, 
    author={JetBrains}, 
    year={2019}
} 

@misc{Gillis_Silverthorne_2018, 
    title={What is Integrated Development Environment (IDE)?}, 
    url={https://www.techtarget.com/searchsoftwarequality/definition/integrated-development-environment}, 
    journal={TechTarget}, 
    publisher={TechTarget}, 
    author={Gillis, Alexander S and Silverthorne, Valerie}, 
    year={2018}, 
    month={Sep}
}

@misc{Shyniaieva_2023, 
    title={The most popular IDES for developers in 2023}, 
    url={https://outstaffyourteam.com/articles/most-popular-ides-for-developers}, 
    journal={Outstaff Your Team}, 
    publisher={Outstaff Your Team}, 
    author={Shyniaieva, Kateryna}, 
    year={2023}, 
    month={Feb}
}

@misc{EclipseFoundation_2023, 
    title={Eclipse Installer 2023-03 R}, 
    url={https://www.eclipse.org/downloads/packages/installer}, 
    journal={Eclipse Installer 2023-03 R}, 
    publisher={The Eclipse Foundation}, 
    author={Foundation, Eclipse}, 
    year={2023}, 
    month={Mar}
}

@misc{JetBrains_2023, 
    title={Download Intellij IDEA}, 
    url={https://www.jetbrains.com/idea/download/}, 
    journal={JetBrains}, 
    publisher={JetBrains}, 
    author={JetBrains}, 
    year={2023}, 
    month={Mar}
}

@misc{KingsProgrammingEducationToolsGroup_2022,
    url={https://www.bluej.org/}, 
    journal={BlueJ}, 
    publisher={Oracle}, 
    author={Kings Programming Education Tools Group}, 
    year={2022}, 
    month={Sep}
}

@misc{Vaniukov_2023, 
    title={16 best IDES for software development: Overview for 2023}, 
    url={https://www.softermii.com/blog/top-ides-for-software-development}, 
    journal={Softermii Blog}, 
    publisher={Softermii Inc.}, 
    author={Vaniukov, Slava}, 
    year={2023}, 
    month={Apr}
}

@misc{StackOverflow_2022, 
    title={Stack Overflow Developer Survey 2022}, 
    url={https://survey.stackoverflow.co/2022/#most-popular-technologies-new-collab-tools}, 
    journal={Stack Overflow}, 
    author={Overflow, Stack}, 
    year={2022}, 
    month={May}
}

@misc{Microsoft_2023a, 
    title={Download visual studio code}, 
    url={https://code.visualstudio.com/Download}, 
    journal={Visual Studio Code}, 
    publisher={Microsoft}, 
    author={Microsoft}, 
    year={2023}, 
    month={Apr}
}

@misc{Microsoft_2023b, 
    title={Extensions for Visual Studio Code}, 
    url={https://marketplace.visualstudio.com/vscode}, 
    journal={Visual Studio Marketplace}, 
    publisher={Microsoft}, 
    author={Microsoft}, 
    year={2023}
}

@misc{Angstadt_2023a, 
    title={Introduction}, 
    url={https://snail-language.github.io/}, 
    journal={Strings Numbers Arrays and Inheritance Language (snail)}, 
    publisher={snail-language}, 
    author={Angstadt, Kevin}, 
    year={2023}, 
    month={May}
}

@misc{Angstadt_2023b,
    title={Version 1.0.0 Released},
    url={https://snail-language.github.io/releases/2022/02/07/Version-1.0.0-Released.html},
    journal={Strings Numbers Arrays and Inheritance Language (snail)},
    publisher={snail-language}, 
    author={Angstadt, Kevin}, 
    year={2022}, 
    month={February}
}

@misc{Microsoft_2022, 
    title={Language Server Protocol}, 
    url={https://microsoft.github.io/language-server-protocol/}, 
    journal={Official page for Language Server Protocol}, 
    publisher={Microsoft}, 
    author={Microsoft}, 
    year={2022}
} 

@misc{Microsoft_2021, 
    title={Debug Adapter Protocol}, 
    url={ttps://microsoft.github.io/debug-adapter-protocol/}, 
    journal={Official page for Debug Adapter Protocol}, 
    publisher={Microsoft}, 
    author={Microsoft}, 
    year={2021}
} 

https://microsoft.github.io/debug-adapter-protocol/